%% This BibTeX bibliography file was created using BibDesk.
%% http://bibdesk.sourceforge.net/


%% Created for Luiz S Oliveira at 2013-12-12 22:20:22 -0200 


%% Saved with string encoding Unicode (UTF-8) 



@book{Huang90,
	Author = {X. D. Huang and Y. Ariki and M. A. Jack},
	Date-Added = {2013-12-13 00:19:09 +0000},
	Date-Modified = {2013-12-13 00:20:12 +0000},
	Publisher = {Edinburgh Univ. Press},
	Read = {1},
	Title = {Hidden Markov Models for Speech Recognition},
	Year = {1990}}

@article{Rabiner89,
	Author = {L. R. Rabiner},
	Journal = {Proc. of IEEE},
	Number = {2},
	Pages = {257-286},
	Title = {A Tutorial on Hidden Markov Models and Selected Applications in Speech Recognition},
	Volume = {77},
	Year = {1989}}

@article{Ranawana06,
	Author = {R. Ranawana},
	Journal = {International Journal of Hybrid Intelligent Systems},
	Number = {2},
	Pages = {35-61},
	Title = {Multi-Classifier System -- Review and a Roadmap for Developers},
	Volume = {3},
	Year = {2006}}

@article{Brown05,
	Author = {G. Brown and J. Wyatt and R. Harris and X. Yao},
	Journal = {International Journal of Information Fusion},
	Number = {2},
	Pages = {5-20},
	Title = {Diversity creation methods: a survey and categorization},
	Volume = {51},
	Year = {2005}}

@article{Kittler98,
	Author = {J. Kittler and M. Hatef and R. P. W. Duin and J. Matas},
	Journal = {IEEE Trans. on Pattern Analysis and Machine Intelligence},
	Number = {3},
	Pages = {226-239},
	Title = {On Combining Classifiers},
	Volume = {20},
	Year = {1998}}

@article{Kuncheva03,
	Author = {L. I. Kuncheva and C. J. Whitaker},
	Journal = {Machine Learning},
	Number = {2},
	Pages = {181-207},
	Title = {Measures of diversity in classifier ensembles and their relationship with the ensemble accuracy},
	Volume = {51},
	Year = {2003}}

@book{Jelinek97,
	Author = {F. Jelinek},
	Publisher = {MIT Press},
	Title = {Statistical Methods for Speech Recognition},
	Year = {1997}}

@inproceedings{Fan96,
	Address = {Colchester-U.K},
	Author = {R. Fan and L. Lam and C. Y. Suen},
	Booktitle = {Proc. 5$^{th}$ International Workshop on Frontiers of Handwriting Recognition (IWFHR)},
	Month = {September},
	Pages = {207-212},
	Title = {Processing of Date Information on Cheques},
	Year = {1996}}

@mastersthesis{Strathy93,
	Address = {Montreal-Canada},
	Author = {N. W. Strathy},
	Month = {September},
	School = {Concordia University},
	Title = {A method for segmentation of touching handwritten numerals},
	Year = {1993}}

@article{Arika2002,
	Author = {A. Arika and F. T. Vural},
	Journal = {IEEE Transactions on Pattern Analysis and Machine Intelligence},
	Number = {6},
	Pages = {801-813},
	Title = {Optical character recognition for cursive handwriting},
	Volume = {24},
	Year = {2002}}

@article{Kundu2002,
	Author = {A. Kundu and Y. He and M. Chen},
	Journal = {IEEE Transactions on Pattern Analysis and Machine Intelligence},
	Number = {11},
	Pages = {1275-1280},
	Title = {Alternatives to Variable Duration HMM in Handwriting Recognition},
	Volume = {20},
	Year = {2002}}

@article{Liu03,
	Author = {R. Jayadevan and S. R. Kolhe and P. M. Patil and U. Pal},
	Journal = {Pattern Recognition},
	Pages = {2271-2285},
	Title = {Handwritten digit recognition: benchmarking of state-of-the-art techniques},
	Volume = {36},
	Year = {2003}}

@article{Jayadevan2012,
	Author = {R. Jayadevan and S. R. Kolhe and P. M. Patil and U. Pal},
	Journal = {International Journal on Document Analysis and Recognition},
	Pages = {267-296},
	Title = {Automatic processing of handwritten bank cheque images: a survey},
	Volume = {15},
	Year = {2012}}

@article{Morita2004,
	Author = {M. Morita and R. Sabourin and F. Bortolozzi and C. Y. Suen},
	Journal = {International Journal on Document Analysis and Recognition},
	Number = {4},
	Pages = {248-262},
	Title = {Segmentation and recognition of handwritten dates: an HMM-MLP hybrid approach},
	Volume = {6},
	Year = {2004}}

@article{Bunke95,
	Author = {H. Bunke and M. Roth and E. G. Schukat-Talamazzini},
	Journal = {Pattern Recognition},
	Number = {9},
	Pages = {1399-1413},
	Title = {Off-Line Cursive Handwriting Recognition using Hidden Markov Models},
	Volume = {28},
	Year = {1995}}

@article{ElYacoubi99,
	Author = {A. El Yacoubi and M. Gilloux and R. Sabourin and C. Y. Suen},
	Journal = {IEEE Transactions on Pattern Analysis and Machine Intelligence},
	Number = {8},
	Pages = {752-760},
	Title = {An HMM-Based Approach for Off-Line Unconstrained Handwritten Word Modeling and Recognition},
	Volume = {21},
	Year = {1999}}

@article{Cho95,
	Author = {W. Cho and S. W. Lee and J. H. Kim},
	Journal = {Pattern Recognition},
	Number = {12},
	Pages = {1941-1953},
	Title = {Modeling and Recognition of Cursive Words with Hidden Markov Models},
	Volume = {28},
	Year = {1995}}

@inproceedings{Gillies92,
	Author = {A. M. Gillies},
	Booktitle = {Proc. Fifth U.S. Postal Service Advanced Technology Conference},
	Pages = {557-562},
	Title = {Cursive Word Recognition using Hidden Markov Models},
	Year = {1992}}

@inproceedings{Grandidier01,
	Author = {F. Grandidier and R. Sabourin and M. Gilloux and C. Y. Suen},
	Booktitle = {International Conference on Document Analysis and Recognition},
	Pages = {350-354},
	Title = {An a priori Indicator of the Discrimination Power of Discrete Hidden Markov Models},
	Year = {2001}}

@inproceedings{Freitas01,
	Author = {C. Freitas and F. Bortolozzi and R. Sabourin},
	Booktitle = {International Conference on Document Analysis and Recognition},
	Pages = {665-669},
	Title = {Handwritten Isolated Word Recognition: An Approach Based on Mutual Information for Feature Set Validation},
	Year = {2001}}

@article{Mohamed96,
	Author = {M. A. Mohamed and P. Gader},
	Journal = {IEEE Transactions on Pattern Analysis and Machine Intelligence},
	Number = {5},
	Pages = {548-554},
	Title = {Handwritten Word Recognition using Segmentation-Free Hidden Markov Modeling and Segmentation-Based Dynamic Programming Techniques},
	Volume = {18},
	Year = {1996}}

@article{Koerich2003,
	Author = {A. Koerich and R. Sabourin and C. Y. Suen},
	Journal = {Pattern Analysis and Applications},
	Number = {2},
	Pages = {97-127},
	Title = {Large Vocabulary Off-Line Handwriting Recognition: A Survey},
	Volume = {6},
	Year = {2003}}

@article{Koerich2005,
	Author = {A. Koerich and R. Sabourin and C. Y. Suen},
	Journal = {IEEE Transactions on Pattern Analysis and Machine Intelligence},
	Number = {10},
	Pages = {1509-1522},
	Title = {Recognition and Verification of Unconstrained Handwritten Words},
	Volume = {27},
	Year = {2005}}

@inproceedings{Kimura93,
	Author = {F. Kimura and M Shridhar and Z. Chen},
	Booktitle = {International Conference on Document Analysis and Recognition},
	Pages = {18-22},
	Title = {Improvements of a lexicon directed algorithm for recognition of unconstrained handwritten words},
	Year = {1993}}

@incollection{Dimauro97,
	Author = {G. Dimauro and S. Impedovo and G. Pirlo and A. Salzo},
	Booktitle = {International Journal of Pattern Recognition and Artificial Intelligence},
	Editor = {S.Impedovo et al},
	Pages = {467-503},
	Publisher = {World Scientific},
	Title = {Automatic BankCheck Processing: A New Engineered System},
	Year = {1997}}

@incollection{Han97,
	Author = {K. Han and I. K. Sethi},
	Booktitle = {International Journal of Pattern Recognition and Artificial Intelligence},
	Editor = {S.Impedovo et al},
	Pages = {757-770},
	Publisher = {World Scientific},
	Title = {An Off-Line Cursive Handwritten Word Recognition System and its Application to Legal Amount Interpretation},
	Year = {1997}}

@inproceedings{Gimenez2009,
	Author = {Gimenez, A. and Juan, A.},
	Booktitle = {International Conference on Document Analysis and Recognition},
	Pages = {896-900},
	Title = {Embedded Bernoulli Mixture HMMs for Handwritten Word Recognition},
	Year = {2009}}

@inproceedings{Josemar2009,
	Author = {J. J. Oliveira and C. Freitas and J. M. Carvalho and R. Sabourin},
	Booktitle = {14th Iberoamerican Congress on Pattern Recognition},
	Pages = {371-378},
	Title = {Handwritten Word Recognition Using Multi-View Analysis},
	Year = {2009}}

@inproceedings{Ahmad2009,
	Author = {A. R. Ahmad and C. Viard-Gaudin and M. Khalid},
	Booktitle = {International Conference on Document Analysis and Recognition},
	Pages = {161-165},
	Title = {Lexicon-Based Word Recognition Using Support Vector Machine and Hidden Markov Model},
	Year = {2009}}

@article{Marti01,
	Author = {U. Marti and H. Bunke},
	Journal = {International Journal of Pattern Recognition and Artifical Intelligence},
	Number = {1},
	Pages = {65-90},
	Title = {Using a Statistical Language Model to Improve the Performance of an HMM-based Cursive Handwriting Recognition System},
	Volume = {15},
	Year = {2001}}

@article{Kapp2007,
	Author = {M. Kapp and C. Freitas and R. Sabourin},
	Journal = {Image and Vision Computing},
	Pages = {40-49},
	Title = {Methodology for the design of NN-based month-word recognizers written on Brazilian bank checks},
	Volume = {25},
	Year = {2007}}

@inproceedings{Xu2002,
	Address = {Niagara on the Lake-CA},
	Author = {Q. Xu and J. H. Kim and L. Lam and C. Y. Suen},
	Booktitle = {Proc. 8$^{th}$ International Workshop on Frontiers of Handwriting Recognition (IWFHR)},
	Month = {August},
	Pages = {111-116},
	Title = {Recognition of Handwritten Month Words on Bank Cheques},
	Year = {2002}}

@inproceedings{Xu2003,
	Author = {Q. Xu and J. H. Kim and L. Lam and C. Y. Suen},
	Booktitle = {International Conference on Document Analysis and Recognition},
	Month = {August},
	Title = {Automatic Segmentation and Recognition System for Handwritten Dates on Canadian Bank Cheques},
	Year = {2003}}

@inproceedings{Houle1996,
	Author = {G. F. Houle and D. B. Aragon and R. W. Smith and M. Shridhar and F. Kimura},
	Booktitle = {Workshop on Document Analysis Systems},
	Pages = {495-546},
	Title = {A multi-layered corroboration-based check reader},
	Year = {1996}}

@inproceedings{Morita2000,
	Address = {Rio de Janeiro-Brazil},
	Author = {M. Morita and E. Lethelier and A. El Yacoubi and F. Bortolozzi and R. Sabourin},
	Booktitle = {Proc. Fourth IAPR International Workshop on Document Analysis Systems (DAS)},
	Month = {December},
	Pages = {233-244},
	Title = {An HMM-based Approach for Date Recognition},
	Year = {2000}}

@inproceedings{Morita2001,
	Address = {Seattle-USA},
	Author = {M. Morita and A. El Yacoubi and R. Sabourin and F. Bortolozzi and C. Y. Suen},
	Booktitle = {Proc. 6$^{th}$ International Conference on Document Analysis and Recognition (ICDAR)},
	Month = {September},
	Pages = {972-976},
	Title = {Handwritten Month Word Recognition on {B}razilian Bank Cheques},
	Year = {2001}}

@phdthesis{Marisa03,
	Author = {Marisa Morita},
	School = {Ecole de Technologie Superieure, Universite du Quebec},
	Title = {Automatic Recognition of Handwritten Dates on Brazilian Bank Cheques},
	Year = {2003}}
