@article{Rabiner89,
   author   = {L. R. Rabiner},
   title    = {A Tutorial on Hidden Markov Models and Selected Applications in Speech Recognition},
   journal  = {Proc. of IEEE},
   volume   = {77},
   number   = {2},
   pages    = {257-286},
   year     = {1989}
}

@book{Jelinek97,
    author    = {F. Jelinek},
    title     = {Statistical Methods for Speech Recognition},
    publisher = {MIT Press},
    year      = {1997}
}

@inproceedings{Fan96,
    author      = {R. Fan and L. Lam and C. Y. Suen},
    title       = {Processing of Date Information on Cheques},
    booktitle   = {Proc. 5$^{th}$ International Workshop on Frontiers of Handwriting Recognition (IWFHR)},
    address     = {Colchester-U.K},
    pages       = {207-212},
    month       = {September},
    year        = {1996}
}


@ARTICLE{Arika2002,
author = {A. Arika and F. T. Vural},
title  = {Optical character recognition for cursive handwriting},
journal= {IEEE Transactions on Pattern Analysis and Machine Intelligence},
volume = {24},
number = {6},
year   = {2002},
pages  = {801-813}
}

 @article{Kundu2002,
    author  = {A. Kundu and Y. He and M. Chen},
    title   = {Alternatives to Variable Duration HMM in Handwriting Recognition},
    journal = {IEEE Transactions on Pattern Analysis and Machine Intelligence},
    volume  = {20},
    number  = {11},
    pages   = {1275-1280},
    year    = {2002}
}


@article{Jayadevan2012,
    author  = {R. Jayadevan and S. R. Kolhe and P. M. Patil and U. Pal},
    title   = {Automatic processing of handwritten bank cheque images: a survey},
    journal = {International Journal on Document Analysis and Recognition},
    volume  = {15},
    pages   = {267-296},
    year    = {2012}
}

@article{Morita2004,
    author  = {M. Morita and R. Sabourin and F. Bortolozzi and C. Y. Suen},
    title   = {Segmentation and recognition of handwritten dates: an HMM-MLP hybrid approach},
    journal = {International Journal on Document Analysis and Recognition},
    volume  = {6},
    number =  {4},
    pages   = {248-262},
    year    = {2004}
}


@article{Bunke95,
    author  = {H. Bunke and M. Roth and E. G. Schukat-Talamazzini},
    title   = {Off-Line Cursive Handwriting Recognition using Hidden Markov Models},
    journal = {Pattern Recognition},
    volume  = {28},
    number  = {9},
    pages   = {1399-1413},
    year    = {1995}
}

@article{ElYacoubi99,
    author  = {A. El Yacoubi and M. Gilloux and R. Sabourin and C. Y. Suen},
    title   = {An HMM-Based Approach for Off-Line Unconstrained Handwritten Word Modeling and Recognition},
    journal = {IEEE Transactions on Pattern Analysis and Machine Intelligence},
    volume  = {21},
    number  = {8},
    pages   = {752-760},
    year    = {1999}
}


@article{Cho95,
    author  = {W. Cho and S. W. Lee and J. H. Kim},
    title   = {Modeling and Recognition of Cursive Words with Hidden Markov Models},
    journal = {Pattern Recognition},
    volume  = {28},
    number  = {12},
    pages   = {1941-1953},
    year    = {1995}
}

@inproceedings{Gillies92,
    author      = {A. M. Gillies},
    title       = {Cursive Word Recognition using Hidden Markov Models},
    booktitle   = {Proc. Fifth U.S. Postal Service Advanced Technology Conference},
    pages       = {557-562},
    year        = {1992}
}

@inproceedings{Grandidier01,
    author      = {F. Grandidier and R. Sabourin and M. Gilloux and C. Y. Suen},
    title       = {An a priori Indicator of the Discrimination Power of Discrete Hidden Markov Models},
    booktitle   = {International Conference on Document Analysis and Recognition},
    pages       = {350-354},
    year        = {2001}
}

@inproceedings{Freitas01,
    author      = {C. Freitas and F. Bortolozzi and R. Sabourin},
    title       = {Handwritten Isolated Word Recognition: An Approach Based on Mutual Information for Feature Set Validation},
    booktitle   = {International Conference on Document Analysis and Recognition},
    pages       = {665-669},
    year        = {2001}
}



@article{Mohamed96,
    author  = {M. A. Mohamed and P. Gader},
    title   = {Handwritten Word Recognition using Segmentation-Free Hidden Markov Modeling and Segmentation-Based Dynamic Programming Techniques},
    journal = {IEEE Transactions on Pattern Analysis and Machine Intelligence},
    volume  = {18},
    number  = {5},
    pages   = {548-554},
    year    = {1996}
}

@article{Koerich2003,
    author  = {A. Koerich and R. Sabourin and C. Y. Suen},
    title   = {Large Vocabulary Off-Line Handwriting Recognition: A Survey},
    journal = {Pattern Analysis and Applications},
    volume  = {6},
    number  = {2},
    pages   = {97-127},
    year    = {2003}
}

@article{Koerich2005,
    author  = {A. Koerich and R. Sabourin and C. Y. Suen},
    title   = {Recognition and Verification of Unconstrained Handwritten Words},
    journal = {IEEE Transactions on Pattern Analysis and Machine Intelligence},
    volume  = {27},
    number  = {10},
    pages   = {1509-1522},
    year    = {2005}
}


@inproceedings{Kimura93,
    author      = {F. Kimura and M Shridhar and Z. Chen},
    title       = {Improvements of a lexicon directed algorithm for recognition of unconstrained handwritten words},
    booktitle   = {International Conference on Document Analysis and Recognition},
    pages       = {18-22},
    year        = {1993}
}

@incollection{Dimauro97,
   author       = {G. Dimauro and S. Impedovo and G. Pirlo and A. Salzo},
   title        = {Automatic BankCheck Processing: A New Engineered System},
   booktitle    = {International Journal of Pattern Recognition and Artificial Intelligence},
   publisher    = {World Scientific},
   editor       = {S.Impedovo et al},
   pages        = {467-503},
   year         = {1997}
}

@incollection{Han97,
    author      = {K. Han and I. K. Sethi},
    title       = {An Off-Line Cursive Handwritten Word Recognition System and its Application to Legal Amount Interpretation},
    booktitle   = {International Journal of Pattern Recognition and Artificial Intelligence},
    publisher   = {World Scientific},
    editor      = {S.Impedovo et al},
    pages       = {757-770},
    year        = {1997}
}

@INPROCEEDINGS{Gimenez2009,
author={Gimenez, A. and Juan, A.},
booktitle={International Conference on Document Analysis and Recognition},
title={Embedded Bernoulli Mixture HMMs for Handwritten Word Recognition},
year={2009},
pages={896-900},
}

@INPROCEEDINGS{Josemar2009,
author={J. J. Oliveira and C. Freitas and J. M. Carvalho and R. Sabourin},
booktitle={14th Iberoamerican Congress on Pattern Recognition},
title={Handwritten Word Recognition Using Multi-View Analysis},
year={2009},
pages={371-378},
}


@inproceedings{Ahmad2009,
    author      = {A. R. Ahmad and C. Viard-Gaudin and M. Khalid},
    title       = {Lexicon-Based Word Recognition Using Support Vector Machine and Hidden Markov Model},
    booktitle   = {International Conference on Document Analysis and Recognition},
    pages       = {161-165},
    year        = {2009}
}


@article{Marti01,
    author  = {U. Marti and H. Bunke},
    title   = {Using a Statistical Language Model to Improve the Performance of an HMM-based Cursive Handwriting Recognition System},
    journal = {International Journal of Pattern Recognition and Artifical Intelligence},
    volume  = {15},
    number  = {1},
    pages   = {65-90},
    year    = {2001}
}

@article{Kapp2007,
    author  = {M. Kapp and C. Freitas and R. Sabourin},
    title   = {Methodology for the design of NN-based month-word recognizers written on Brazilian bank checks},
    journal = {Image and Vision Computing},
    volume  = {25},
    pages   = {40-49},
    year    = {2007}
}

@inproceedings{Xu2002,
    author      = {Q. Xu and J. H. Kim and L. Lam and C. Y. Suen},
    title       = {Recognition of Handwritten Month Words on Bank Cheques},
    booktitle   = {Proc. 8$^{th}$ International Workshop on Frontiers of Handwriting Recognition (IWFHR)},
    address     = {Niagara on the Lake-CA},
    pages       = {111-116},
    month       = {August},
    year        = {2002}
}

@inproceedings{Xu2003,
    author      = {Q. Xu and J. H. Kim and L. Lam and C. Y. Suen},
    title       = {Automatic Segmentation and Recognition System for Handwritten Dates on Canadian Bank Cheques},
    booktitle   = {International Conference on Document Analysis and Recognition},
    month       = {August},
    year        = {2003}
}

@inproceedings{Houle1996,
    author      = {G. F. Houle and D. B. Aragon and R. W. Smith and M. Shridhar and F. Kimura},
    title       = {A multi-layered corroboration-based check reader},
    booktitle   = {Workshop on Document Analysis Systems},
    pages       = {495-546},
    year        = {1996}
}


@inproceedings{Morita2000,
    author      = {M. Morita and E. Lethelier and A. El Yacoubi and F. Bortolozzi and R. Sabourin},
    title       = {An HMM-based Approach for Date Recognition},
    booktitle   = {Proc. Fourth IAPR International Workshop on Document Analysis Systems (DAS)},
    address     = {Rio de Janeiro-Brazil},
    pages       = {233-244},
    month       = {December},
    year        = {2000}
}


@inproceedings{Morita2001,
    author      = {M. Morita and A. El Yacoubi and R. Sabourin and F. Bortolozzi and C. Y. Suen},
    title       = {Handwritten Month Word Recognition on {B}razilian Bank Cheques},
    booktitle   = {Proc. 6$^{th}$ International Conference on Document Analysis and Recognition (ICDAR)},
    address     = {Seattle-USA},
    pages       = {972-976},
    month       = {September},
    year        = {2001}
}
